@article{DIP,
   title={Deep Image Prior},
   volume={128},
   ISSN={1573-1405},
   url={http://dx.doi.org/10.1007/s11263-020-01303-4},
   DOI={10.1007/s11263-020-01303-4},
   number={7},
   journal={International Journal of Computer Vision},
   publisher={Springer Science and Business Media LLC},
   author={Ulyanov, Dmitry and Vedaldi, Andrea and Lempitsky, Victor},
   year={2020},
   month=mar, pages={1867–1888} 
}
@article{EarlyStopping,
      title={Early Stopping for Deep Image Prior},
      author={Hengkang Wang and Taihui Li and Zhong Zhuang and Tiancong Chen and Hengyue Liang and Ju Sun},
      journal={Transactions on Machine Learning Research},
      issn={2835-8856},
      year={2023},
      url={https://openreview.net/forum?id=231ZzrLC8X},
      note={}
}
@misc{RethinkingDIP,
      title={Rethinking Deep Image Prior for Denoising}, 
      author={Yeonsik Jo and Se Young Chun and Jonghyun Choi},
      year={2021},
      eprint={2108.12841},
      archivePrefix={arXiv},
      primaryClass={eess.IV}
}
@misc{MetaDIP,
      title={MetaDIP: Accelerating Deep Image Prior with Meta Learning}, 
      author={Kevin Zhang and Mingyang Xie and Maharshi Gor and Yi-Ting Chen and Yvonne Zhou and Christopher A. Metzler},
      year={2022},
      eprint={2209.08452},
      archivePrefix={arXiv},
      primaryClass={cs.CV}
}
@article{EDIP,
   title={An Educated Warm Start for Deep Image Prior-Based Micro CT Reconstruction},
   volume={8},
   ISSN={2573-0436},
   url={http://dx.doi.org/10.1109/TCI.2022.3233188},
   DOI={10.1109/tci.2022.3233188},
   journal={IEEE Transactions on Computational Imaging},
   publisher={Institute of Electrical and Electronics Engineers (IEEE)},
   author={Barbano, Riccardo and Leuschner, Johannes and Schmidt, Maximilian and Denker, Alexander and Hauptmann, Andreas and Maass, Peter and Jin, Bangti},
   year={2022},
   pages={1210–1222}
}
@misc{DDIP,
      title={Deep Diffusion Image Prior for Efficient OOD Adaptation in 3D Inverse Problems}, 
      author={Hyungjin Chung and Jong Chul Ye},
      year={2024},
      eprint={2407.10641},
      archivePrefix={arXiv},
      primaryClass={cs.CV}
}
@misc{Noise2Noise,
      title={Noise2Noise: Learning Image Restoration without Clean Data}, 
      author={Jaakko Lehtinen and Jacob Munkberg and Jon Hasselgren and Samuli Laine and Tero Karras and Miika Aittala and Timo Aila},
      year={2018},
      eprint={1803.04189},
      archivePrefix={arXiv},
      primaryClass={cs.CV},
}
@misc{Noisier2Noise,
      title={Noisier2Noise: Learning to Denoise from Unpaired Noisy Data}, 
      author={Nick Moran and Dan Schmidt and Yu Zhong and Patrick Coady},
      year={2019},
      eprint={1910.11908},
      archivePrefix={arXiv},
      primaryClass={eess.IV}
}
@misc{Noise2Self,
      title={Noise2Self: Blind Denoising by Self-Supervision}, 
      author={Joshua Batson and Loic Royer},
      year={2019},
      eprint={1901.11365},
      archivePrefix={arXiv},
      primaryClass={cs.CV}
}
@misc{Noise2Same,
      title={Noise2Same: Optimizing A Self-Supervised Bound for Image Denoising}, 
      author={Yaochen Xie and Zhengyang Wang and Shuiwang Ji},
      year={2020},
      eprint={2010.11971},
      archivePrefix={arXiv},
      primaryClass={cs.CV},
}
@inproceedings{Self2Self,
    author = {Quan, Yuhui and Chen, Mingqin and Pang, Tongyao and Ji, Hui},
    title = {Self2Self With Dropout: Learning Self-Supervised Denoising From Single Image},
    booktitle = {IEEE/CVF Conference on Computer Vision and Pattern Recognition (CVPR)},
    month = {June},
    year = {2020}
}
@article{SelfMixed,
    author = {Zitai Xu and Bangyu Wu and Yisi Luo and Liuqing Yang and Yangkang Chen},
    title = {SelfMixed: Self-supervised mixed noise attenuation for distributed acoustic sensing data},
    journal = {GEOPHYSICS},
    volume = {89},
    number = {5},
    pages = {V415-V436},
    year = {2024},
    doi = {10.1190/geo2023-0640.1},
    URL = {https://doi.org/10.1190/geo2023-0640.1}
}
@article{DAS-N2N,
    author = {Lapins, S and Butcher, A and Kendall, J-M and Hudson, T S and Stork, A L and Werner, M J and Gunning, J and Brisbourne, A M},
    title = "{DAS-N2N: machine learning distributed acoustic sensing (DAS) signal denoising without clean data}",
    journal = {Geophysical Journal International},
    volume = {236},
    number = {2},
    pages = {1026-1041},
    year = {2023},
    month = {11},
    issn = {0956-540X},
    doi = {10.1093/gji/ggad460},
    url = {https://doi.org/10.1093/gji/ggad460},
}
@article{DAS-J-invariant,
  author={van den Ende, Martijn and Lior, Itzhak and Ampuero, Jean-Paul and Sladen, Anthony and Ferrari, André and Richard, Cédric},
  journal={IEEE Transactions on Neural Networks and Learning Systems}, 
  title={A Self-Supervised Deep Learning Approach for Blind Denoising and Waveform Coherence Enhancement in Distributed Acoustic Sensing Data}, 
  year={2023},
  volume={34},
  number={7},
  pages={3371-3384},
  keywords={Noise reduction;Deep learning;Optical fiber cables;Training;Data models;Underwater cables;Earthquakes;Blind denoising;distributed acoustic sensing (DAS);self-supervised deep learning;waveform coherence},
  doi={10.1109/TNNLS.2021.3132832}
}
@article{BM3D,
  author={Dabov, Kostadin and Foi, Alessandro and Katkovnik, Vladimir and Egiazarian, Karen},
  journal={IEEE Transactions on Image Processing}, 
  title={Image Denoising by Sparse 3-D Transform-Domain Collaborative Filtering}, 
  year={2007},
  volume={16},
  number={8},
  pages={2080-2095},
  keywords={Image denoising;Collaboration;Filtering;Noise reduction;Signal processing algorithms;Signal processing;Energy resolution;Spatial resolution;Signal resolution;Discrete cosine transforms;Adaptive grouping;block matching;image denoising;sparsity;3-D transform shrinkage},
  doi={10.1109/TIP.2007.901238}
}
@inproceedings{ImageNet,
 author = {Krizhevsky, Alex and Sutskever, Ilya and Hinton, Geoffrey E},
 booktitle = {Advances in Neural Information Processing Systems},
 editor = {F. Pereira and C.J. Burges and L. Bottou and K.Q. Weinberger},
 pages = {},
 publisher = {Curran Associates, Inc.},
 title = {ImageNet Classification with Deep Convolutional Neural Networks},
 url = {https://proceedings.neurips.cc/paper_files/paper/2012/file/c399862d3b9d6b76c8436e924a68c45b-Paper.pdf},
 volume = {25},
 year = {2012}
}
@misc{GAN,
      title={Generative Adversarial Networks}, 
      author={Ian J. Goodfellow and Jean Pouget-Abadie and Mehdi Mirza and Bing Xu and David Warde-Farley and Sherjil Ozair and Aaron Courville and Yoshua Bengio},
      year={2014},
      eprint={1406.2661},
      archivePrefix={arXiv},
      primaryClass={stat.ML}
}
@misc{GPT3,
      title={Language Models are Few-Shot Learners}, 
      author={Tom B. Brown and Benjamin Mann and Nick Ryder and Melanie Subbiah and Jared Kaplan and Prafulla Dhariwal and Arvind Neelakantan and Pranav Shyam and Girish Sastry and Amanda Askell and Sandhini Agarwal and Ariel Herbert-Voss and Gretchen Krueger and Tom Henighan and Rewon Child and Aditya Ramesh and Daniel M. Ziegler and Jeffrey Wu and Clemens Winter and Christopher Hesse and Mark Chen and Eric Sigler and Mateusz Litwin and Scott Gray and Benjamin Chess and Jack Clark and Christopher Berner and Sam McCandlish and Alec Radford and Ilya Sutskever and Dario Amodei},
      year={2020},
      eprint={2005.14165},
      archivePrefix={arXiv},
      primaryClass={cs.CL} 
}
@Inbook{DnCNN,
    author={Zuo, Wangmeng and Zhang, Kai and Zhang, Lei},
    editor={Bertalm{\'i}o, Marcelo},
    title={Convolutional Neural Networks for Image Denoising and Restoration},
    bookTitle={Denoising of Photographic Images and Video: Fundamentals, Open Challenges and New Trends},
    year={2018},
    publisher={Springer International Publishing},
    address={Cham},
    pages={93--123},
    isbn={978-3-319-96029-6},
    doi={10.1007/978-3-319-96029-6_4},
    url={https://doi.org/10.1007/978-3-319-96029-6_4}
}
@inproceedings{GCBD,
    author = {Chen, Jingwen and Chen, Jiawei and Chao, Hongyang and Yang, Ming},
    year = {2018},
    month = {06},
    pages = {3155-3164},
    title = {Image Blind Denoising with Generative Adversarial Network Based Noise Modeling},
    doi = {10.1109/CVPR.2018.00333}
}