@article{XXX,
      title={TODO}
}
@book{DeepLearning,
      title={Deep Learning},
      author={Ian Goodfellow and Yoshua Bengio and Aaron Courville},
      publisher={MIT Press},
      note={\url{http://www.deeplearningbook.org}},
      year={2016}
}
@article{Backpropagation,
      author = {Rumelhart, David E. and Hinton, Geoffrey E. and Williams, Ronald J.},
      biburl = {https://www.bibsonomy.org/bibtex/25d95851c0f627ab11747a2e481ecbad6/achakraborty},
      description = {Learning representations by back-propagating errors | Nature},
      interhash = {c354bc293fa9aa7caffc66d40a014903},
      intrahash = {5d95851c0f627ab11747a2e481ecbad6},
      journal = {Nature},
      keywords = {deep-learning nature neural-networks paper},
      month = oct,
      pages = {533--},
      publisher = {Nature Publishing Group},
      timestamp = {2018-06-03T13:17:55.000+0200},
      title = {Learning representations by back-propagating errors},
      url = {http://dx.doi.org/10.1038/323533a0},
      volume = 323,
      year = 1986
}
@article{CNN,
      author={LeCun, Y. and Boser, B. and Denker, J. S. and Henderson, D. and Howard, R. E. and Hubbard, W. and Jackel, L. D.},
      journal={Neural Computation}, 
      title={Backpropagation Applied to Handwritten Zip Code Recognition}, 
      year={1989},
      volume={1},
      number={4},
      pages={541-551},
      keywords={},
      doi={10.1162/neco.1989.1.4.541}
}
@article{Sobel,
      author = {Sobel, Irwin},
      year = {1968},
      pages = {},
      title = {An Isotropic 3x3 Image Gradient Operator},
      journal = {Presentation at Stanford AI Lab (SAIL)}
}
@article{BatchNorm,
      author       = {Sergey Ioffe and Christian Szegedy},
      title        = {Batch Normalization: Accelerating Deep Network Training by Reducing Internal Covariate Shift},
      journal      = {CoRR},
      volume       = {abs/1502.03167},
      year         = {2015},
      url          = {http://arxiv.org/abs/1502.03167},
      eprinttype    = {arXiv},
      eprint       = {1502.03167},
      timestamp    = {Mon, 13 Aug 2018 16:47:06 +0200},
      biburl       = {https://dblp.org/rec/journals/corr/IoffeS15.bib},
      bibsource    = {dblp computer science bibliography, https://dblp.org}
}
@misc{LayerNorm,
      title={Layer Normalization}, 
      author={Jimmy Lei Ba and Jamie Ryan Kiros and Geoffrey E. Hinton},
      year={2016},
      eprint={1607.06450},
      archivePrefix={arXiv},
      primaryClass={stat.ML},
      url={https://arxiv.org/abs/1607.06450}, 
}
@article{InstanceNorm,
  author       = {Dmitry Ulyanov and Andrea Vedaldi and Victor S. Lempitsky},
  title        = {Instance Normalization: The Missing Ingredient for Fast Stylization},
  journal      = {CoRR},
  volume       = {abs/1607.08022},
  year         = {2016},
  url          = {http://arxiv.org/abs/1607.08022},
  eprinttype    = {arXiv},
  eprint       = {1607.08022},
  timestamp    = {Mon, 13 Aug 2018 16:47:58 +0200},
  biburl       = {https://dblp.org/rec/journals/corr/UlyanovVL16.bib},
  bibsource    = {dblp computer science bibliography, https://dblp.org}
}
@article{GroupNorm,
      author       = {Yuxin Wu and Kaiming He},
      title        = {Group Normalization},
      journal      = {CoRR},
      volume       = {abs/1803.08494},
      year         = {2018},
      url          = {http://arxiv.org/abs/1803.08494},
      eprinttype   = {arXiv},
      eprint       = {1803.08494},
      timestamp    = {Mon, 13 Aug 2018 16:47:02 +0200},
      biburl       = {https://dblp.org/rec/journals/corr/abs-1803-08494.bib},
      bibsource    = {dblp computer science bibliography, https://dblp.org}
}
@article{DIP,
      title={Deep Image Prior},
      volume={128},
      ISSN={1573-1405},
      url={http://dx.doi.org/10.1007/s11263-020-01303-4},
      DOI={10.1007/s11263-020-01303-4},
      number={7},
      journal={International Journal of Computer Vision},
      publisher={Springer Science and Business Media LLC},
      author={Ulyanov, Dmitry and Vedaldi, Andrea and Lempitsky, Victor},
      year={2020},
      month=mar, pages={1867â€“1888} 
}
@article{EarlyStopping,
      title={Early Stopping for Deep Image Prior},
      author={Hengkang Wang and Taihui Li and Zhong Zhuang and Tiancong Chen and Hengyue Liang and Ju Sun},
      journal={Transactions on Machine Learning Research},
      issn={2835-8856},
      year={2023},
      url={https://openreview.net/forum?id=231ZzrLC8X},
      note={}
}
